@misc{Google_nomap,
	author = {Google Maps Help},
	title = {Control access point inclusion in Google's Location services},
	year = "2024",
	howpublished = "\url{https://support.google.com/maps/answer/1725632?hl=en}",
	note = "[Online; accessed 5-August-2024]"
}

@misc{Microsoft_nomap,
	author = {Microsoft},
	title = {Opt out of location services},
	year = "2024",
	howpublished = "\url{https://account.microsoft.com/privacy/location-services-opt-out?lang=en-IE}",
	note = "[Online; accessed 5-August-2024]"
}
